<?xml version="1.0" encoding="UTF-8"?><collection xmlns="http://www.loc.gov/MARC21/slim"><record><leader>00510nam--2200193-i-4500</leader><controlfield tag="001">000033617</controlfield><controlfield tag="002">20161230</controlfield><controlfield tag="005">20161230201039</controlfield><controlfield tag="008">060222s1000------------r-----000-0-ger-d</controlfield><datafield ind1=" " ind2=" " tag="040"><subfield code="a">IFIN-HH</subfield></datafield><datafield ind1=" " ind2=" " tag="041"><subfield code="a">ger</subfield></datafield><datafield ind1=" " ind2=" " tag="080"><subfield code="a">535.417</subfield></datafield><datafield ind1="1" ind2=" " tag="100"><subfield code="a">Nebe, Wolfgang</subfield></datafield><datafield ind1="1" ind2="0" tag="245"><subfield code="a">Analytische interferometrie</subfield><subfield code="c">Wolfgang nebe</subfield></datafield><datafield ind1=" " ind2=" " tag="260"><subfield code="a">Leipzig</subfield><subfield code="b">Akademische Verlagsgesellschaft</subfield><subfield code="c">1970</subfield></datafield><datafield ind1=" " ind2=" " tag="300"><subfield code="a">173P</subfield></datafield><datafield ind1=" " ind2=" " tag="490"><subfield code="a">Technische-physikalische Monographien</subfield></datafield><datafield ind1=" " ind2=" " tag="852"><subfield code="a">34180</subfield><subfield code="c">535</subfield></datafield><datafield ind1=" " ind2=" " tag="CAT"><subfield code="a">Sys</subfield><subfield code="c">20101028</subfield><subfield code="h">113839</subfield></datafield></record></collection>